@book{micrasoft-azure-book,
  author = {Robin Shanan and Michael Collier},
  title  = {Основы Micrasoft Azure},
  year   = {2015},
  note   = {268 с.}
}

@online{graviton-site,
  note = {Гравитон: О компании // URL: 
          \url{https://graviton.ru} (дата обращения: 18.04.2025)}
}

@online{graiton-server-s2122iu,
  note = {Технические характеристики сервера <<Гравитон>> С2122ИУ // URL: 
          \url{https://graviton.ru/catalog/servery-i-khranenie-dannykh/servery/server-graviton-s2122iu} (дата обращения: 18.04.2025)}
}

@online{raidix-web,
  note = {RAIDIX: Облачные решения // URL: 
          \url{https://www.raidix.com/solutions/cloud} (дата обращения: 18.04.2025)}
}

@online{selectel-web,
  note = {Selectel: Аренда места под сервер в дата-центре  // URL: 
          \url{https://selectel.ru/services/colocation/?section=products} (дата обращения: 18.04.2025)}
}

@online{aquarius-aqbook-NE355,
    note = {Описание и характеристики ноутбука Aquarius AQbook NE355 // URL:
            \url{https://www.aq.ru/product/aquarius-cmp-ne355} (дата обращения: 17.03.2025)}
}

@online{selectel-block-storage,
  note = {Selectel: Блоковое хранилище // URL: 
          \url{https://selectel.ru/services/cloud/storage/?section=prices} (дата обращения: 18.04.2025)}
}

@online{red-virtualization,
  note = {РЕД Виртуализация: Система управления виртуализацией серверов и рабочих станций // URL: 
          \url{https://redvirt.red-soft.ru} (дата обращения: 18.04.2025)}
}

@online{red-virtualization-system-requirements,
  note = {РЕД Виртуализация: Системные требования // URL: 
          \url{https://redvirt.red-soft.ru/base/red-virt/system-requirements-red-virt/hardware-rv} (дата обращения: 18.04.2025)}
}

@online{wmware,
  note = {VMware для виртуализации // URL: 
          \url{https://www.vmware.com} (дата обращения: 18.04.2025)}
}

@online{red-os,
  note = {Ред ОС: Российская операционная система общего назначения для серверов и рабочих станций  // URL: 
          \url{https://redos.red-soft.ru} (дата обращения: 18.04.2025)}
}

@online{red-os-system-requirements,
  note = {Ред ОС: Системные требования // URL: 
          \url{https://redos.red-soft.ru/base/redos-7_3/7_3-install/7_3-sys-req} (дата обращения: 18.04.2025)}
}

@online{pfsense,
  note = {Программный межсетевой экран pfSense // URL: 
          \url{https://www.pfsense.org} (дата обращения: 18.04.2025)}
}

@online{bitrix24,
  note = {Bitrix24: CRM и управление проектами // URL: 
          \url{https://www.bitrix24.ru} (дата обращения: 18.04.2025)}
}

@online{bitrix24-system-requirements,
  note = {Bitrix24: Системные требования // URL:
          \url{https://helpdesk.bitrix24.ru/open/5825131} (дата обращения: 18.04.2025)}
}


@online{k8s,
  note = {Kubernetes: ПО для аркестрации контейнеров // URL:
          \url{https://kubernetes.io} (дата обращения: 18.04.2025)}
}

@online{zabbix,
  note = {Zabbix: система маниторинга инфраструктуры // URL:
          \url{https://www.zabbix.com} (дата обращения: 18.04.2025)}
}